<?xml version="1.0" encoding="UTF-8"?><collection xmlns="http://www.loc.gov/MARC21/slim"><record><leader>00375nam--2200145-i-4500</leader><controlfield tag="001">000001753</controlfield><controlfield tag="002">20161230</controlfield><controlfield tag="005">20161230201024</controlfield><controlfield tag="008">060222s1000------------r-----000-0-eng-d</controlfield><datafield ind1=" " ind2=" " tag="080"><subfield code="a">541.64</subfield></datafield><datafield ind1=" " ind2=" " tag="100"><subfield code="a">Frazer, A.H</subfield></datafield><datafield ind1=" " ind2=" " tag="245"><subfield code="a">High temperature resistent polymers</subfield></datafield><datafield ind1=" " ind2=" " tag="260"><subfield code="a">New York, Interscience Publishers, 1968. Xiv + 338 P</subfield></datafield><datafield ind1=" " ind2=" " tag="490"><subfield code="a">Polymer Reviews</subfield></datafield><datafield ind1=" " ind2=" " tag="852"><subfield code="a">32153</subfield></datafield></record></collection>